2922 5318
623 412 687 477 249

177 605 214 675 S.
236 628 300 674 ran
323 603 437 674 Delen.
483 605 698 683 Quaestiones
719 607 804 674 'rarii
826 607 1019 694 argumenti.
1048 615 1050 620 '

172 714 216 782 B.
239 713 358 781 Suart.
404 713 454 779 De
477 711 624 780 custodia
646 711 839 780 debitorum.

175 820 210 888 J.
233 819 400 887 Vosmaer.
445 820 496 886 Dc
519 819 651 886 decimis
675 825 708 886 et
726 821 803 907 jure
825 820 1016 900 decimandi.

172 927 214 994 Η.
238 925 420 994 Seheidius.
466 925 516 992 De
538 925 769 993 donationibus
792 932 961 994 contractu
983 927 1135 1014 nuptiali.

171 1031 214 1100 F.
242 1033 297 1100 W.
320 1033 354 1101 J.
378 1033 422 1101 A.
447 1056 510 1101 van
534 1032 768 1102 Lamsweerde.
815 1034 872 1102 De·
887 1035 1055 1122 requisitis
1073 1036 1240 1122 justarum

171 1141 397 1228 nuptiarum

172 1246 218 1314 A.
251 1269 316 1315 van
350 1246 407 1315 der
439 1244 556 1314 Graaff
585 1247 757 1334 Huygens.
803 1247 853 1314 De
887 1246 959 1334 lege
993 1249 1014 1315 6
1041 1247 1170 1338 ¹codicis
1200 1249 1240 1318 de

176 1352 317 1438 legibus.

177 1458 210 1526 J.
233 1459 317 1527 Rau.
363 1460 414 1526 De
435 1461 632 1527 monarchia.

177 1565 220 1632 H.
244 1566 290 1634 M.
315 1589 378 1634 van
401 1566 440 1633 de
462 1567 546 1634 Poll.
592 1566 642 1633 De
664 1565 875 1633 neutralitate
897 1571 1032 1634 armata.

176 1670 208 1739 J.
233 1672 272 1739 de
294 1673 382 1740 Wet.
425 1673 475 1739 De
496 1675 695 1761 usucapione
718 1677 752 1740 st
774 1674 1037 1761 praescriptione.
1075 1672 1172 1742 1821.
1208 1674 1240 1744 8.

29 1780 149 1850 8696
176 1779 209 1846 J.
232 1778 274 1846 (i.
297 1780 332 1846 la
353 1780 435 1847 Lau.
482 1780 532 1846 De
554 1801 589 1846 re
610 1779 802 1868 pecuniaria
823 1780 899 1866 imp.
923 1778 1019 1846 Rom.

121 1928 125 1935 -
175 1884 219 1953 A.
254 1887 298 1953 Η.
332 1908 396 1953 van
422 1886 637 1954 Wickevoort
659 1885 867 1953 Grommelin.
913 1885 964 1951 De
980 1887 1059 1974 jure
1081 1887 1239 1976 principis

175 1992 417 2060 in'minuendis
439 1995 561 2081 poenis.

175 2097 212 2167 0.
246 2099 293 2176 M.
328 2121 392 2168 van
425 2099 482 2167 der
514 2100 632 2188 Kemp.
678 2099 727 2166 De
754 2099 831 2185 jure
864 2121 1074 2187 personarum
1100 2121 1141 2168 ex
1163 2101 1237 2169 XII

175 2206 312 2274 tabulis.
508 2224 511 2232 ’
621 2229 624 2234 ·
762 2265 763 2269 ,

174 2313 219 2381 Η.
240 2312 405 2382 Jochems.
450 2311 666 2390 Quaestiones
687 2313 772 2380 varii
794 2313 989 2399 argumenti.

175 2418 217 2485 D.
240 2439 305 2486 van
326 2419 535 2508 Hogendorp.
582 2421 632 2487 De
654 2418 821 2487 Gulielmo
844 2418 873 2486 I.

173 2525 220 2594 M.
244 2526 281 2593 Ρ.
305 2527 505 2596 Blaaubeen.
551 2528 600 2595 De
622 2529 756 2614 nuptiis.

171 2631 214 2700 D.
238 2656 302 2700 van
325 2632 365 2699 de
386 2634 597 2722 Wynpersee.
642 2635 692 2700 De
715 2632 985 2701 fideicommissis.

171 2739 215 2805 Η.
252 2761 316 2807 van
341 2738 483 2809 Stralen.
529 2739 734 2829 Comparatio
757 2740 843 2807 inter
865 2740 956 2826 leges
978 2731 1237 2824 fundamentales

172 2844 332 2932 Belgicae.

171 2951 215 3018 A.
260 2949 301 3019 Gr.
336 2952 575 3040 Burgerhoudt.
628 2953 679 3020 De
712 2952 927 3020 servitutibus
961 2953 1169 3022 naturalibus
1202 2959 1237 3022 et

169 3059 344 3145 legalibus.
1244 3057 1248 3075 '

169 3166 212 3232 A.
254 3163 291 3232 0.
334 3165 378 3234 H.
420 3166 563 3236 Bakker.
621 3165 672 3234 De
713 3165 971 3252 obligationibus
1014 3165 1161 3234 dividuis
1203 3172 1237 3235 et

170 3270 358 3340 individuis.
838 3305 840 3314 v

169 3376 194 3444 J
196 3427 204 3443 .
237 3379 281 3446 H.
311 3378 472 3466 Hoimeyr
499 3379 522 3446 J
524 3379 558 3448 .f.
604 3379 654 3446 De
676 3380 792 3446 officiis
815 3384 959 3446 tutorum
982 3384 1017 3446 et
1038 3379 1234 3448 curatorum.

169 3482 203 3550 J.
227 3484 270 3550 A.
294 3485 465 3572 Philipse.
494 3471 547 3553 ¹De
570 3492 688 3555 conatu
711 3485 931 3573 delinquendi.

171 3589 204 3656 J.
227 3591 282 3658 W.
307 3593 349 3659 H.
373 3593 490 3660 Bosch.
526 3592 591 3660 Ad.
615 3595 676 3660 art.
701 3594 762 3659 391
787 3592 906 3659 codicis
918 3595 981 3659 civ.
994 3591 1233 3679 Napoleontici.

169 3697 211 3763 N.
235 3698 269 3763 la
290 3695 421 3787 Grappe
443 3700 645 3767 Dominicus.
692 3700 742 3766 De
764 3697 1090 3787 compensationibus.

170 3802 213 3870 A.
250 3804 293 3871 H.
328 3828 392 3872 van
426 3805 483 3872 der
508 3807 631 3893 Burgh.
678 3801 728 3872 De
751 3807 827 3894 jure
849 3804 1114 3873 adscendentium
1137 3804 1232 3872 doua-

123 3943 128 3960 ι
169 3914 278 3976 torum
299 3917 380 3979 east.

168 4017 215 4082 Α.
232 4016 274 4082 0.
297 4018 386 4084 Mom
408 4018 525 4086 Faure.
571 4020 622 4085 De
647 4018 905 4105 obligationibus
928 4040 969 4084 ex
992 4017 1121 4084 delicto.

168 4121 224 4188 W.
248 4123 415 4210 Wopkens
439 4125 604 4193 Brouwer.
650 4126 700 4192 Dc
718 4127 794 4212 jure
817 4125 1005 4212 occupandi.

169 4228 203 4294 J.
237 4229 279 4296 N.
313 4230 347 4296 J.
371 4229 482 4299 Elont.
528 4233 577 4298 De
611 4233 875 4320 interpretatione
907 4232 1037 4318 injure
1059 4230 1232 4300 criminali.

170 4335 264 4401 1822.
312 4340 341 4404 8.

44 4439 214 4512 869711.
248 4441 292 4509 A.
322 4442 358 4510 (l.
382 4442 483 4511 Ohais
505 4467 567 4513 van
591 4446 712 4513 Buren.
759 4445 809 4511 De
832 4443 892 4511 On.
917 4443 1075 4533 Pompejo
1094 4444 1230 4534 Hagno.

137 4597 143 4602 -
169 4546 225 4614 W.
239 4545 348 4616 Groen
361 4551 628 4622 vanPrinsterer.
653 4551 703 4622 De
710 4551 799 4639 juris
810 4551 1012 4620 Justinianei
1023 4553 1231 4638 praestantia.
1352 4643 1357 4654 ¹
