2922 5318
767 405 833 475 252

323 605 379 674 W.
414 605 452 673 Τ.
488 601 611 672 Gevers
639 600 801 690 Deynoot.
847 601 897 668 De
920 599 1129 688 magnosive
1150 597 1309 665 halecum
1335 595 1408 684 pis·

324 716 399 780 catu
422 711 567 797 Belgieo.

323 819 367 887 A.
412 816 451 886 0.
487 818 526 884 Β.
561 839 625 886 van
659 817 822 904 Limburg
854 814 991 883 Stirnm.
1046 812 1097 880 De
1131 811 1288 882 consilio:
1327 813 1409 876 acte

321 929 544 1014 respectueux.

321 1032 365 1100 A.
388 1033 432 1100 H.
454 1053 520 1099 van
542 1029 599 1099 der
620 1030 737 1119 Kemp.
783 1031 833 1097 Β8
854 1052 924 1117 cap.
948 1030 969 1096 2
991 1029 1075 1114 legis
1096 1025 1264 1112 Aquiliae.

320 1138 360 1206 L.
382 1161 447 1208 van
470 1136 752 1224 Sohuijlenbureh.
798 1136 853 1202 Ad
877 1141 938 1203 art.
962 1135 1024 1202 381
1049 1133 1171 1201 codicis
1192 1130 1363 1219 poenalis.

320 1244 354 1314 J.
377 1243 411 1312 J.
434 1266 500 1312 van
522 1245 631 1312 Holst.
677 1244 728 1311 De
751 1244 932 1332 privilegiis
955 1241 1160 1309 creditorum.

320 1349 362 1420 G.
397 1373 461 1419 van
496 1349 552 1418 der
585 1350 676 1438 Jagt.
721 1351 772 1418 De
806 1350 1003 1417 Diocletiani
1037 1348 1183 1430 constit,
1217 1365 1307 1433 quae
1336 1344 1405 1432 jus

318 1479 528 1546 personarum
551 1462 710 1546 spectant.

320 1564 361 1634 E.
385 1565 513 1632 Waller
534 1565 578 1632 H.
602 1563 635 1631 J.
658 1564 705 1632 fil.
743 1564 793 1631 De
814 1565 959 1648 ratione,
983 1584 1049 1650 qua
1059 1564 1241 1629 mercatura
1262 1557 1407 1626 divitiis

319 1671 492 1758 gignendis
515 1675 547 1738 88
569 1671 728 1756 augendis
750 1672 920 1739 inserviat.

321 1777 365 1845 H.
389 1776 497 1845 Pravo
519 1777 627 1844 Kluit.
676 1777 727 1844 Β8
748 1777 912 1845 deditione
935 1774 1155 1864 profugorum.

321 1883 365 1951 A.
402 1882 439 1951 0.
475 1882 626 1952 Oosman.
671 1883 722 1950 De
755 1884 886 1952 delictis
917 1888 1011 1950 extra
1033 1881 1178 1950 civitatis
1199 1877 1283 1947 fines
1309 1899 1405 1946 ccm-

320 2012 441 2058 mresrs.

323 2097 362 2164 P.
385 2097 419 2164 J.
442 2118 507 2164 van
530 2095 653 2164 Voorst
674 2095 795 2164 Vader.
840 2095 913 2163 Lex
933 2096 1088 2183 Pompeia
1109 2093 1149 2160 de
1170 2091 1379 2181 parricidiis.

320 2202 359 2270 Ο.
382 2202 561 2271 Blomhert.
607 2203 657 2270 De
679 2204 857 2270 tentamine
879 2202 1129 2270 conciliationis.

318 2308 357 2378 B.
392 2307 429 2377 0.
463 2308 659 2377 Schneiders
692 2332 757 2377 van
787 2307 1056 2396 Greyffensvvert.
1101 2307 1152 2373 Β8
1182 2307 1403 2394 separatione

317 2415 487 2484 bonorum

192 2538 195 2543 ·
317 2521 361 2590 A.
395 2521 429 2590 J.
466 2519 502 2590 0.
526 2544 592 2589 van
613 2521 850 2609 Bijnkershoek
872 2544 937 2588 van
959 2521 1016 2588 der
1038 2519 1144 2606 Koog.
1189 2518 1240 2586 De
1262 2521 1396 2587 rescin-

318 2628 433 2696 dendis
454 2630 579 2717 nuptiis
601 2634 714 2695 eontra
735 2629 841 2715 legem
863 2629 966 2696 initis.

318 2735 361 2802 H.
396 2734 430 2803 J.
453 2735 487 2803 J.
509 2758 574 2802 van
597 2734 746 2802 Convent
767 2741 823 2802 ten
847 2732 961 2802 Oever.
1006 2733 1057 2800 De
1079 2734 1164 2801 falso
1186 2733 1400 2801 testimonio.

319 2842 362 2908 H.
397 2840 452 2909 W.
487 2864 552 2909 van
585 2842 820 2910 Westerbeeck
849 2865 914 2911 van
945 2841 1002 2909 der
1023 2840 1135 2908 Horst.
1181 2841 1231 2906 De
1249 2841 1400 2928 juribus
1459 2893 1460 2928 .

318 2949 437 3016 summi
456 2949 533 3037 imp.
557 2951 646 3017 circu
668 2970 771 3016 saera.

317 3055 356 3122 P.
379 3055 477 3122 Habe
499 3054 549 3123 Jr.
595 3055 646 3122 De
667 3055 932 3144 procuratoribus
952 3052 1180 3141 judicialibus.

317 3160 363 3228 A.
386 3159 427 3228 G.
450 3184 516 3228 van
539 3160 595 3228 der
616 3161 708 3229 Knn.
754 3162 804 3228 De
826 3160 955 3229 delictis
978 3161 1142 3228 recidivis.

318 3265 643 3335 (8888888188.
677 3268 851 3335 Benthami
873 3267 913 3333 88
935 3268 1014 3335 utili
1026 3267 1183 3334 doctrina.
1220 3265 1323 3332 1829.
1363 3269 1398 3334 8.

209 3373 296 3440 8707
320 3372 353 3441 J.
377 3373 410 3440 J.
433 3374 613 3442 Ensohedd.
659 3374 709 3442 De
732 3376 807 3442 Tito
829 3375 997 3442 Aristone.
1046 3373 1141 3440 1829.
1187 3373 1218 3438 4.

209 3481 295 3548 8708
317 3482 361 3547 A.
385 3481 429 3547 H.
452 3504 515 3549 van
539 3482 596 3548 der
619 3480 735 3549 Sande.
781 3481 837 3549 Ad
859 3504 977 3549 novem
998 3482 1104 3567 legem
1126 3480 1365 3546 transitoriam.

318 3587 360 3654 D.
384 3587 417 3654 J.
443 3587 482 3654 88
505 3587 574 3655 Vos
595 3588 761 3656 Bronvver.
806 3588 858 3655 De
880 3593 1005 3657 mutuo.
1038 3600 1041 3606 ’

293 3692 356 3760 “Β.
379 3693 413 3761 J.
435 3695 476 3760 F.
499 3693 643 3761 Marcus.
689 3693 740 3762 De
762 3696 833 3762 litis
856 3694 1100 3762 contestatione.

318 3800 347 3866 I.
372 3799 405 3866 J.
430 3800 474 3866 H.
498 3799 536 3866 88
559 3801 683 3888 Bruijn.
730 3801 780 3868 De
803 3801 963 3869 reditibus
985 3801 1159 3888 perpetuis.

318 3905 362 3973 A.
386 3906 433 3974 M.
457 3905 494 3973 0.
517 3929 582 3973 van
606 3907 696 3974 Hall.
738 3908 788 3973 De
811 3907 880 3974 cod.
905 3909 966 3974 civ.
989 3906 1108 3973 Franc.
1131 3906 1282 3994 placitis,
1307 3929 1398 3994 quae

318 4035 359 4078 ex
381 4013 587 4098 legislatione
610 4014 803 4082 intermedia
825 4014 974 4081 desumta
997 4017 1083 4079 sunt.

317 4117 372 4185 W.
396 4141 460 4186 van
482 4118 578 4186 Dam.
623 4120 673 4186 De
695 4122 901 4188 successione
923 4119 1107 4206 irregulari.

317 4225 360 4292 D.
392 4223 434 4290 R.
468 4222 592 4292 Gevers
624 4225 785 4313 Deynoot.
762 4228 882 4294 tDe
906 4228 1024 4293 summi
1045 4225 1236 4312 imperantis
1260 4225 1398 4314 Belgici
1457 4301 1458 4310 χ

318 4353 397 4399 cura
419 4329 461 4396 ad
483 4332 732 4417 promovendam
754 4333 1000 4420 agriculturam.

310 4425 351 4504 J.
373 4459 438 4505 van
460 4435 630 4506 Weerden.
665 4439 715 4506 De
737 4441 833 4508 bonis
856 4463 983 4524 eorum,
1007 4443 1064 4528 qui
1090 4446 1166 4507 ante
1187 4445 1396 4510 sententiam

317 4549 453 4612 mortem
476 4543 540 4612 sibi
563 4548 801 4616 consciverunt.
