2922 5318
625 374 688 442 251

180 569 219 638 Ο.
240 567 279 638 P.
302 569 521 638 Wicherlink.
556 569 605 636 De
627 569 767 636 term1no
779 575 866 638 moto
884 571 969 659 (vid.
984 571 1245 665 Daventriens..)

535 675 586 742 Do
609 678 734 759 causis
758 697 840 762 quae
862 677 986 745 tollunt
1010 678 1156 747 delicti
1146 703 1250 769 impu·

182 786 338 851 tationem
364 781 449 872 (vid.
474 782 720 872 Daventriens.)

183 890 222 957 F.
256 891 296 956 F.
319 912 383 958 von
406 889 599 957 Innhausen
619 889 685 956 und
708 889 937 978 Kniphauscn.
984 892 1033 959 Do
1057 895 1246 980 provinciae

185 993 414 1082 Groninganae
436 997 605 1082 regiminis
627 997 740 1062 forma.

185 1105 228 1171 H.
251 1101 359 1169 collot
381 1101 555 1188 d’Escury.
600 1102 650 1168 De
673 1101 749 1169 Soto
773 1100 942 1170 Silaniano
966 1109 999 1170 et
1022 1102 1215 1172 Claudiano.

184 1208 226 1276 R.
249 1209 282 1275 J.
295 1213 348 1275 toa
358 1208 452 1274 Lacr.
486 1208 542 1274 Ad
551 1209 661 1275 locum
672 1207 750 1276 cod.
763 1208 802 1274 de
813 1211 952 1276 emtione
964 1199 1150 1278 venditione
1163 1218 1245 1280 caet.

184 1318 227 1384 A.
250 1313 292 1382 G.
316 1313 352 1382 0.
376 1314 509 1382 Alsche.
556 1315 606 1380 De
628 1313 750 1382 Gotsio.

183 1425 239 1491 W.
272 1421 316 1490 A.
350 1422 406 1489 W.
439 1443 504 1488 ran
538 1421 719 1488 Haerscltc.
772 1421 822 1487 Dc
855 1422 1047 1490 auctoribus
1081 1427 1114 1490 et
1148 1425 1247 1492 sociis

186 1530 391 1597 delictorum.

184 1635 221 1703 0.
255 1636 442 1703 Thammen.
488 1634 538 1700 De
572 1635 754 1701 conditione
787 1635 1000 1719 resolutoria,
1035 1657 1118 1722 qnae
1148 1639 1249 1705 tacite

185 1742 407 1810 contractibus
432 1741 658 1808 bilateralibus
681 1731 778 1808 inest.

183 1849 225 1916 D.
249 1849 287 1938 Τ.
311 1847 522 1934 Siegenbeek.
568 1848 618 1912 De
640 1847 948 1916 fideicommissariis
971 1849 1193 1918 libertatibus.

184 1954 221 2023 0.
244 1955 277 2022 J.
300 1954 531 2022 Verceuteren.
576 1954 626 2020 De
647 1959 842 2021 testamento
866 1955 1009 2042 publico.

184 2064 228 2129 A.
251 2061 446 2146 Jongkindt.
491 2060 542 2126 De
564 2057 701 2126 crimino
723 2062 943 2129 stellionatus.

184 2168 231 2235 M.
254 2168 298 2234 A.
322 2169 493 2235 Hartman.
539 2168 589 2233 De
611 2168 878 2234 excusationibus
901 2173 1059 2238 tutorum..

184 2275 218 2344 J.
252 2274 285 2342 J.
308 2298 372 2343 van
395 2275 579 2341 Halteres..
607 2273 658 2339 De
680 2275 834 2360 collegio:
882 2275 1250 2364 Hoogheemracdschap

185 2405 250 2450 van
273 2380 439 2468 Rijnland.

158 2539 161 2546 ,
185 2487 220 2556 S.
244 2487 429 2568 Schmolck.
475 2487 525 2554 De
547 2487 736 2555 tabellionis
759 2488 888 2574 officiis.

184 2595 225 2661 F.
249 2593 285 2661 Ο.
309 2595 444 2660 Donker
466 2592 610 2660 Curtius.
657 2593 707 2659 De
728 2596 863 2661 navium
886 2594 1133 2662 exercitoribus.

185 2700 225 2768 F.
248 2700 289 2770 L.
312 2699 441 2767 Certos.
486 2700 537 2766 De
559 2701 665 2787 patria
687 2705 856 2786 potestate.

185 2806 220 2875 J.
243 2808 286 2873 H.
311 2807 454 2874 Telders.
501 2807 550 2871 De
573 2807 801 2872 transactione.

186 2912 230 2980 A.
253 2914 292 2979 Ζ.
316 2913 437 2980 Hanlc.
456 2897 532 2978 'De
554 2913 739 3000 privilegiis
763 2912 912 2995 urbium,
941 2914 1040 3000 vulgo
1063 2915 1250 3003 stapelregt.

187 3020 230 3086 H.
253 3023 296 3088 A.
320 3019 398 3087 (lert
384 3026 450 3086 ton.
499 3021 548 3086 De
567 3021 643 3106 jure
665 3026 852 3106 repraesent
838 3020 985 3088 t.ationis

187 3126 230 3192 Η.
255 3124 291 3192 0.
314 3125 347 3191 J.
371 3127 477 3211 Hoog.
523 3125 573 3192 De
595 3127 777 3192 venatione.
904 3203 910 3210 α

187 3232 221 3300 S
256 3232 493 3318 Schuurbeque
526 3232 643 3320 Bceie.
690 3231 740 3350 De
763 3233 940 3319 conjugum
964 3235 1000 3300 in
1022 3233 1109 3301 bona
1130 3233 1253 3302 dotalia

184 3340 328 3425 juribus.

187 3446 219 3512 J.
244 3447 288 3512 A.
311 3446 496 3542 Roessingh
519 3445 644 3512 Udink.
690 3445 772 3512 De
763 3447 907 3532 injuriis.

187 3552 225 3618 Τ.
259 3553 298 3619 H.
334 3553 380 3618 Μ.
415 3552 459 3618 A.
494 3551 648 3618 Gislenus
682 3552 721 3618 de
743 3553 894 3638 Peliohy.
940 3553 1098 3618 Doctrina
1121 3553 1252 3620 Halleri

188 3659 227 3724 de
250 3658 460 3725 fundamento
484 3661 603 3726 summi
625 3661 766 3746 imperii.

186 3765 223 3830 P.
247 3764 286 3830 de
308 3764 446 3833 Kanter.
492 3766 542 3832 De
560 3767 695 3852 juribus
718 3765 963 3853 peregrinorum
985 3766 1020 3831 in
1045 3764 1171 3850 Belgio.
1221 3780 1223 3785 '

185 3870 229 3936 A.
253 3870 285 3936 J.
309 3871 347 3937 Τ.
371 3871 411 3937 <le
432 3871 565 3939 Bordea
611 3872 661 3944 De
685 3877 830 3964 cessione
853 3872 1023 3938 bonorum.

186 3976 231 4044 A.
272 3999 336 4052 van
378 3977 433 4042 der
471 3975 574 4060 (loeo,
614 3977 653 4043 B.
688 3975 730 4045 G.
765 3977 960 4064 Snethlage,
1004 3975 1042 4044 (l.
1077 3978 1251 4046 Wiersma.

188 4082 411 4159 Quaestiones.
459 4085 556 4149 1828.
604 4085 635 4150 8.

67 4189 162 4258 8705
187 4189 229 4254 Ι).
262 4190 305 4254 Η.
336 4189 540 4274 Levysschn.
586 4189 636 4255 De
658 4189 858 4257 Judaeorum
882 4191 942 4257 sub
966 4190 1153 4258 caesaribus
1178 4213 1251 4258 con·

191 4295 324 4362 ditione.
373 4297 469 4362 1828.
516 4298 547 4362 4.

71 4401 166 4472 8706
189 4400 230 4468 G.
265 4401 306 4468 N.
341 4400 381 4466 de
415 4401 628 4489 Kompenaer.
675 4400 845 4479 Quatenus
866 4405 962 4469 ¹ratio
995 4403 1109 4469 haberi
1142 4403 1256 4471 debeat

189 4507 316 4575 liberae
339 4508 520 4575 voluntatis
541 4510 596 4576 vel
619 4508 796 4577 diminutae
818 4511 872 4576 vel
894 4510 990 4597 plane
1013 4510 1172 4579 sublatae.
