2922 5318
619 413 686 481 265

55 608 157 676 8780
178 607 219 675 P.
230 605 387 693 Goslings
397 655 405 690 ,
416 607 564 675 observv.
576 607 618 674 ad
630 605 762 675 Scholia
772 608 808 674 in
821 605 1057 693 Thucydidem.
1071 646 1114 656 —
1125 606 1159 673 J.
1171 629 1234 674 van

179 715 235 780 der
267 714 374 796 Vliet,
409 712 518 781 studia
551 716 666 781 critica
698 717 734 781 in
757 716 914 800 Dionysii
937 714 1236 793 Halicarnassensis

178 843 273 909 opera
306 822 475 887 rhetorica.
510 859 554 870 -
588 818 630 887 G.
665 843 729 887 vau
753 820 957 907 Helbergen‚
993 821 1081 907 leges
1103 821 1237 887 annales

177 928 376 1015 reipublicae
399 927 575 994 Romanae.
623 927 718 993 1874.
766 929 795 993 8.

53 1036 152 1103 8781
174 1035 215 1100 P.
238 1032 280 1101 G.
304 1032 526 1116 Slothonwer,
549 1032 769 1119 geschiedenis
792 1033 850 1099 der
873 1034 1053 1100 Doelisten.
1078 1072 1122 1084 -
1144 1033 1236 1100 A.J.

177 1141 409 1226 Kronenberg,
432 1142 487 1207 het
497 1141 817 1229 kunstgenootschap
827 1140 885 1207 Nil
897 1140 1084 1208 volentibus
1097 1139 1236 1207 arduum

183 1247 251 1336 (zie
280 1246 379 1314 onder
399 1245 594 1336 Deventer).
617 1286 661 1296 —
683 1245 717 1314 8.
741 1246 774 1314 J.
798 1246 958 1330 Warran,
994 1246 1237 1334 godsdienstige

180 1377 219 1420 en
242 1354 441 1440 wijsgeerige
462 1355 641 1442 hegrippon
665 1353 722 1420 der
743 1352 883 1421 Jaiua's.
933 1354 1027 1420 1875.
1073 1356 1104 1421 8.

59 1461 154 1527 8782
178 1459 211 1526 J.
236 1482 299 1527 van
322 1460 503 1543 Leenwen,
527 1461 566 1528 de
591 1459 812 1548 Aristophane
834 1460 1006 1548 Euripidis
1027 1481 1167 1528 censore.
1193 1498 1236 1509 -

54 1628 62 1640 ,
180 1566 213 1633 J.
237 1566 281 1633 H.
304 1566 405 1648 Moll,
427 1569 497 1634 vita
519 1567 634 1634 Publii
649 1567 779 1634 Vatinii
796 1565 1181 1656 (zieouderDeventer).
1194 1606 1238 1616 —

181 1670 224 1740 A.
258 1672 299 1740 Ε.
333 1672 559 1762 Bennekamp‚
593 1673 766 1741 Plutarchi
799 1676 868 1742 vita
902 1672 1035 1741 Catonis
1059 1673 1237 1742 Uticensis.

182 1780 278 1848 1876.
324 1782 354 1847 8.
1030 1782 1032 1786 ’

65 1887 159 1954 8783
180 1885 224 1952 Α.
267 1884 311 1954 H.
347 1883 486 1969 Garum,
522 1886 670 1954 ohservv.
702 1886 742 1953 ad
763 1883 919 1972 Dionysii
942 1887 1239 1954 Halicarnassensis

182 1995 395 2080 antiqnitates
427 1992 601 2061 Romanas.
624 2033 669 2044 -
691 1993 725 2060 J.
748 1992 792 2060 H.
816 1992 999 2077 wilmun,
1034 1997 1237 2081 quaestiones

180 2099 221 2166 ad
254 2102 482 2186 antiquitatem
493 2101 674 2168 Romanam
686 2102 893 2188 pertinentes.
907 2139 951 2150 -
964 2099 999 2168 J.
1011 2099 1044 2167 J.
1058 2100 1237 2184 Hartman,

180 2204 288 2272 studia
311 2208 426 2274 critica
446 2209 480 2273 in
503 2206 698 2275 Luciannm.
745 2208 840 2273 1877.
887 2205 916 2272 8.

67 2313 160 2380 8784
183 2311 225 2379 Α.
249 2312 306 2380 W.
329 2335 394 2382 van
418 2312 521 2396 Geor,
545 2314 584 2381 de
611 2313 775 2380 Pontibus
797 2312 968 2379 Plutarchi
989 2315 1024 2379 in
1048 2314 1125 2381 vitis
1137 2312 1236 2382 Grac·

179 2420 323 2486 chorum.
358 2458 402 2469 —-
435 2419 475 2487 P.
504 2421 544 2488 L.
565 2420 736 2503 Abresoh‚
770 2420 1013 2487 observationes
1038 2421 1173 2486 criticae
1196 2420 1238 2486 ad

180 2526 352 2593 Plutarchi
374 2528 546 2596 moralium
569 2529 675 2615 capita
700 2527 828 2594 selecta.
841 2525 938 2591 -Β,
963 2526 1001 2591 Τ.
1024 2525 1064 2592 P.
1078 2525 1236 2610 Rendler,

181 2634 333 2700 tirocinia
356 2636 469 2701 critica
490 2637 526 2701 in
538 2635 694 2720 Dionysii
706 2633 1011 2701 Halicarnasseusis
1023 2634 1237 2720 antiquitates

180 2739 353 2807 Romanas.
376 2780 420 2790 -
443 2740 479 2808 0.
504 2739 540 2808 Ο.
564 2741 702 2822 Maure,
733 2741 773 2807 de
796 2739 940 2806 oratione
962 2737 1128 2807 Isocrates
1150 2763 1234 2827 quae

180 2845 371 2913 inscribitur
412 2846 452 2913 de
487 2848 573 2933 bigis
608 2847 794 2934 disputatio.
828 2885 872 2895 -
905 2845 945 2911 L.
981 2843 1014 2913 J.
1052 2847 1107 2913 W.
1130 2846 1233 2930 smil,

181 2953 421 3020 observationes
455 2955 490 3020 in
522 2953 693 3021 Plutarchi
721 2954 822 3021 vitam
844 2950 881 3018 0.
906 2951 1014 3020 Marii.
1062 2954 1157 3020 1878.
1204 2955 1234 3021 8.
