2914 5318
761 389 826 456 248

203 581 291 651 8694
312 582 355 652 Ι).
378 605 442 653 van
464 583 650 652 Loohhcrat
671 605 736 651 van
759 583 1008 670 Vrijenhoeven.
1042 586 1093 654 Dc
1113 585 1383 675 praescriptione.

312 691 351 758 P.
375 691 554 778 Trompert.
601 690 651 756 De
672 691 745 777 lege
767 689 897 758 Rhodia
920 691 959 758 de
977 694 1081 780 jactu.

312 797 350 864 P.
374 795 416 864 G.
439 796 554 864 Dalen.
601 799 830 884 quaestionum
850 798 952 884 jurid.
978 799 1115 885 sylloge.

312 903 346 970 J.
369 902 413 970 A.
437 904 650 989 Musquetier.
695 903 745 969 De
768 925 929 970 concensu
951 911 1123 993 parentum
1144 909 1180 972 in
1202 907 1352 994 nuptias.

314 1011 354 1079 L.
377 1010 421 1078 A.
434 1011 666 1106 ‚Lightenvelc
711 1008 928 1085 Quaestionea
949 1014 1034 1080 varii
1057 1015 1251 1098 argumenti.

314 1118 358 1186 A.
389 1140 454 1184 van
477 1117 673 1184 Waaaenaer
696 1115 867 1204 Oatwijck.
913 1118 1001 1185 Hist.
1021 1118 1109 1205 juria
1132 1118 1277 1186 feudalia
1302 1120 1381 1186 Hol-

313 1223 580 1407 PLHWJIDuarlea
601 1352 666 1398 ran
689 1329 806 1398 Uffcrd
827 1330 877 1397 Jr.
924 1331 975 1397 Da
996 1333 1103 1419 patria
1125 1336 1297 1432 potestate.

315 1439 358 1507 A.
382 1439 529 1525 Heringa
551 1436 639 1505 Oeta.
685 1436 899 1513 Quaestionea
921 1439 1007 1505 varii
1028 1440 1222 1524 argumenti.

314 1546 370 1613 W.
393 1545 433 1612 L.
457 1543 669 1631 Sluyterman
691 1566 755 1611 van
778 1543 857 1610 Loc.
903 1544 953 1610 De
976 1544 1131 1612 advocato
1154 1544 1317 1612 Romano.

316 1653 349 1720 J.
384 1651 532 1719 Downie.
578 1651 628 1717 De
661 1651 850 1738 gravamine
883 1652 1026 1738 portioni
1047 1652 1215 1737 legitimae
1237 1675 1306 1718 non
1329 1654 1386 1720 im·
1444 1699 1445 1726 2

315 1758 473 1848 ponendo.

248 1915 251 1920 -
314 1865 338 1935 J
340 1916 347 1933 .
373 1866 416 1931 H.
440 1865 597 1952 Philipae.
643 1863 693 1928 De
716 1863 935 1950 prohibitione
956 1862 1294 1932 fideicommissorum.

315 1971 348 2040 J.
371 1971 405 2038 J.
429 1970 586 2038 Berdenis
597 1992 662 2038 van
673 1970 855 2036 Berlekom.
893 1969 943 2035 De
955 1970 1155 2056 obligatione
1168 1970 1387 2058 fidejussoria·

315 2078 354 2146 P.
377 2077 425 2145 M.
448 2101 512 2145 van
535 2075 654 2144 Goene.
700 2077 751 2143 De
774 2076 812 2143 T.
835 2076 953 2143 Flavio
976 2077 1174 2145 Domitiano.

315 2185 358 2251 D.
392 2184 432 2251 L.
464 2183 504 2250 F.
528 2183 567 2249 L.
591 2182 624 2250 J.
648 2180 827 2249 Ghialenua
850 2181 891 2248 de
913 2179 1058 2250 Gaiffier.
1105 2183 1155 2250 De
1174 2185 1253 2272 jure
1280 2186 1387 2253 orimi-

314 2290 384 2358 nali
405 2293 439 2357 in
463 2290 587 2377 Belgio.

315 2397 360 2466 A.
384 2397 428 2464 A.
450 2395 626 2466 Bentinck.
671 2394 886 2474 Quaestionea
908 2397 993 2463 varii
1015 2399 1210 2483 argumenti.

315 2503 349 2572 J.
383 2504 421 2571 P.
452 2526 517 2571 ran
539 2503 680 2571 Wairee.
725 2502 776 2569 De
794 2504 883 2589 juria
905 2503 1063 2592 puniendi
1086 2503 1276 2572 conditione
1299 2505 1388 2593 apud
1447 2513 1448 2518 ’

316 2611 491 2679 Romanos.

316 2717 353 2786 0.
374 2719 409 2786 J.
432 2718 554 2785 Lunae.
600 2715 814 2794 Quaestionea
836 2717 924 2784 varii
946 2719 1140 2803 argumenti.

317 2824 372 2894 W.
397 2825 436 2892 L.
460 2824 500 2891 F.
525 2821 561 2892 0.
584 2846 649 2891 van
671 2823 834 2913 Rappard.
870 2823 921 2891 De
943 2824 1141 2892 conficiendo
1161 2823 1275 2892 codice
1297 2826 1391 2894 civili
1448 2821 1449 2826 ’

317 2931 487 3000 Francico.

317 3038 352 3111 J.
375 3038 408 3107 J.
431 3037 478 3125 G.
496 3038 537 3105 P.
561 3061 625 3105 van
648 3037 884 3106 Lamsweerde.
919 3037 970 3104 De
993 3037 1150 3104 seditione
1172 3059 1211 3105 ac
1227 3040 1391 3107 tumultu.

317 3145 355 3214 0.
379 3145 418 3212 de
440 3144 548 3212 Haan.
594 3142 808 3221 Quaestiones
830 3145 916 3214 varii
938 3147 1133 3230 argumenti.

317 3254 373 3320 W.
396 3251 429 3320 J.
453 3251 490 3319 0.
513 3274 579 3319 van
602 3252 745 3318 Haaselt.
791 3251 841 3317 De
864 3253 991 3318 actione
1012 3253 1214 3319 exercitoria.

318 3358 354 3428 0.
378 3359 412 3427 J.
435 3357 556 3425 Brand.
601 3358 652 3424 De
671 3360 748 3446 jure
771 3359 983 3425 coloniarum.
1032 3359 1127 3424 1820.
1173 3360 1203 3424 8.

209 3466 297 3535 8695
319 3466 352 3534 J.
375 3465 423 3532 M.
446 3462 565 3534 Swart.
611 3462 824 3541 Quaestionea
847 3466 933 3531 varii
955 3465 1148 3550 argumenti.

318 3573 359 3639 F.
383 3594 448 3638 van
470 3571 664 3638 Heukelom.
710 3570 761 3636 De
783 3573 906 3637 aerario
929 3571 1088 3637 Romano.

318 3679 357 3746 P.
381 3677 413 3746 J.
437 3700 502 3746 van
525 3677 581 3744 dar
604 3677 690 3743 Doce
713 3676 752 3743 de
774 3677 855 3764 Bye.
894 3677 944 3743 De
966 3677 1103 3743 historia
1122 3675 1245 3762 judicii
1267 3679 1391 3764 jurati.

319 3785 356 3854 O.
379 3785 412 3853 J.
437 3784 505 3852 Ver
527 3784 638 3850 Huell.
685 3783 735 3849 De
753 3784 885 3869 juribus
908 3784 1112 3850 feminarum.

318 3894 356 3960 P.
380 3891 562 3959 Stratenua.
608 3888 823 3967 Quaestionca
845 3891 931 3957 varii
954 3891 1146 3976 argumenti.
1209 3915 1214 3924 ·

318 3999 351 4066 J.
375 3999 414 4065 F.
439 3998 545 4064 Ro'ell.
591 3998 641 4064 De
664 3996 927 4064 abdicationibus
951 3998 1144 4083 principum.

318 4106 356 4172 P.
380 4103 421 4172 G.
445 4104 485 4181 Q.
510 4103 672 4192 Sprenger
694 4126 760 4171 ran
781 4104 872 4190 Eyh.
918 4104 983 4169 Pro
1001 4102 1129 4190 judicio
1150 4103 1352 4188 juratorum.

317 4213 358 4279 F.
381 4234 445 4278 van
468 4210 622 4279 Maaaow.
669 4210 719 4276 De
744 4214 900 4278 servitute
923 4209 1174 4277 conventioncii.

318 4319 342 4386 J
344 4368 351 4385 .
386 4319 425 4385 B.
459 4318 501 4384 D.
537 4317 574 4385 Ο.
606 4317 649 4385 D.
682 4317 855 4385 Tulleken.
900 4318 950 4384 De
983 4316 1177 4404 hypothecis
1199 4319 1320 4386 tacitis
1342 4319 1390 4386 vel

317 4425 490 4512 legalibus.

322 4530 359 4598 0.
383 4531 419 4599 0.
442 4521 669 4619 'Tengbergen
716 4531 931 4624 Quaestionea
953 4532 1039 4600 varii
1061 4535 1255 4619 argumenta
